@article{ALRP,
  title={Automated license plate recognition: a survey on methods and techniques},
  author={Shashirangana, Jithmi and Padmasiri, Heshan and Meedeniya, Dulani and Perera, Charith},
  journal={IEEE Access},
  volume={9},
  pages={11203--11225},
  year={2020},
  publisher={IEEE}
}

@article{bd-def,
  title={Базы данных: курс лекций и материалы для практических занятий},
  author={Карпова, ИП},
  journal={учеб. пособие для вузов/ИП Карпова.-СПб.: Питер},
  year={2013}
}

@article{model-def,
  title={Введение в системы баз данных},
  author={Дейт, К Дж},
  year={2001}
}

@article{models,
  title={К задаче составления запросов к базам данных на естественном языке},
  author={Бородин, ДС and Строганов, ЮВ},
  journal={Новые информационные технологии в автоматизированных системах},
  number={19},
  pages={119--126},
  year={2016},
  publisher={Федеральное государственное автономное образовательное учреждение высшего~…}
}

@misc{fl-safe,
	title="Flock Safety [Электронный ресурс].",
	howpublished="Режим доступа: \url{https://www.flocksafety.com/} (дата обращения: 06.03.2025)"
}

@misc{pl-rc,
	title="Plate Recognizer [Электронный ресурс].",
	howpublished="Режим доступа: \url{https://platerecognizer.com/} (дата обращения: 06.03.2025)"
}

@misc{city-point,
	title="City Point [Электронный ресурс].",
	howpublished="Режим доступа: \url{https://citypoint.ru/} (дата обращения: 06.03.2025)"
}

@misc{psql,
	title="PostgreSQL [Электронный ресурс].",
	howpublished="Режим доступа: \url{https://www.postgresql.org/docs/} (дата обращения: 06.03.2025)"
}

@misc{sqlite,
	title="SQLite [Электронный ресурс].",
	howpublished="Режим доступа: \url{https://www.sqlite.org/docs.html} (дата обращения: 06.03.2025)"
}

@misc{mysql,
	title="MySQL [Электронный ресурс].",
	howpublished="Режим доступа: \url{https://dev.mysql.com/doc/} (дата обращения: 06.03.2025)"
}

@misc{mssql,
	title="MSSQL [Электронный ресурс].",
	howpublished="Режим доступа: \url{https://learn.microsoft.com/ru-ru/sql/?view=sql-server-ver17} (дата обращения: 06.03.2025)"
}

@book{rust-book,
  title={The Rust programming language},
  author={Klabnik, Steve and Nichols, Carol},
  year={2023},
  publisher={No Starch Press}
}

@misc{sqlx-crate,
	title="Crate sqlx [Электронный ресурс].",
	howpublished="Режим доступа: \url{https://docs.rs/sqlx/0.8.5/sqlx/} (дата обращения: 12.04.2025)"
}

@misc{axum-crate,
	title="Crate axum [Электронный ресурс].",
	howpublished="Режим доступа: \url{https://docs.rs/axum/0.8.4/axum/} (дата обращения: 12.04.2025)"
}

@misc{swift-lang,
	title="Swift [Электронный ресурс].",
	howpublished="Режим доступа: \url{https://www.swift.org/} (дата обращения: 12.04.2025)"
}

@misc{uikit-fw,
	title="UIKit framework [Электронный ресурс].",
	howpublished="Режим доступа: \url{https://developer.apple.com/documentation/uikit} (дата обращения: 12.04.2025)"
}

@misc{apple-silicon,
	title="Apple silicon [Электронный ресурс].",
	howpublished="Режим доступа: \url{https://developer.apple.com/documentation/apple-silicon} (дата обращения: 12.04.2025)"
}

@misc{macos-sequoia,
	title="macOS Sequoia [Электронный ресурс].",
	howpublished="Режим доступа: \url{https://www.apple.com/macos/macos-sequoia/} (дата обращения: 12.04.2025)"
}

@misc{pgtap,
	title="pgTAP [Электронный ресурс].",
	howpublished="Режим доступа: \url{https://pgtap.org/} (дата обращения: 12.04.2025)"
}

@article{ansi_iso,
  title={Iso/ansi working draft: Database language sql (sql3)},
  author={Melton, Jim},
  journal={ISO/IEC SQL Revision. New York: American National Standards Institute},
  year={1992}
}
